<record><leader>00000cas a22000007a 4500</leader><controlfield tag="001">11412917</controlfield><controlfield tag="008">841121d18841889wiuwr ne      0    0eng d</controlfield><controlfield tag="009">3770</controlfield><datafield ind1=" " ind2=" " tag="010"><subfield code="a">sn 84025583 </subfield></datafield><datafield ind1=" " ind2=" " tag="040"><subfield code="a">NPV</subfield><subfield code="b">eng</subfield><subfield code="c">NPV</subfield></datafield><datafield ind1="1" ind2=" " tag="029"><subfield code="a">AU@</subfield><subfield code="b">000025836247</subfield></datafield><datafield ind1=" " ind2=" " tag="042"><subfield code="a">msc</subfield></datafield><datafield ind1=" " ind2=" " tag="043"><subfield code="a">n-us-wi</subfield></datafield><datafield ind1=" " ind2=" " tag="045"><subfield code="a">w8w8</subfield></datafield><datafield ind1=" " ind2=" " tag="052"><subfield code="a">4123</subfield><subfield code="b">A8</subfield></datafield><datafield ind1="0" ind2=" " tag="130"><subfield code="a">Pioneer (Glidden, Wis. : 1884)</subfield></datafield><datafield ind1="0" ind2="4" tag="245"><subfield code="a">The pioneer.</subfield></datafield><datafield ind1=" " ind2=" " tag="260"><subfield code="a">Glidden, Wis. :</subfield><subfield code="b">Pioneer Pub. Co.,</subfield><subfield code="c">1884-1889.</subfield></datafield><datafield ind1=" " ind2=" " tag="300"><subfield code="a">v.</subfield></datafield><datafield ind1=" " ind2=" " tag="310"><subfield code="a">Weekly</subfield></datafield><datafield ind1="0" ind2=" " tag="362"><subfield code="a">Vol. 1, no. 1 (Nov. 29, 1884)-v. 5, no. 4 (Mar. 16, 1889).</subfield></datafield><datafield ind1=" " ind2=" " tag="500"><subfield code="a">Publisher varies.</subfield></datafield><datafield ind1=" " ind2=" " tag="515"><subfield code="a">Suspended Nov. 1888-Feb. 1889. Cf. Oehlerts, D.  Guide to Wis. newspapers.</subfield></datafield><datafield ind1=" " ind2=" " tag="530"><subfield code="a">Available on microfilm from the State Historical Society of Wisconsin.</subfield></datafield><datafield ind1=" " ind2=" " tag="500"><subfield code="a">Editor: R.M. Williams &amp; F.A. Healy, Nov. 29, 1884-Nov. 26, 1885.--R.M. Williams, Dec. 3, 1885-Jan. 12, 1888.--P. Danielson, Jan. 19-June 14, 1888.--M. Scallon, June 21-&lt;Nov. 15, 1888&gt;.</subfield></datafield><datafield ind1="1" ind2=" " tag="700"><subfield code="a">Williams, Robert M.</subfield></datafield><datafield ind1="1" ind2=" " tag="700"><subfield code="a">Healy, F. A.</subfield></datafield><datafield ind1="1" ind2=" " tag="700"><subfield code="a">Danielson, Peter.</subfield></datafield><datafield ind1="1" ind2=" " tag="700"><subfield code="a">Scallon, M.</subfield></datafield><datafield ind1=" " ind2=" " tag="752"><subfield code="a">United States</subfield><subfield code="b">Wisconsin</subfield><subfield code="c">Ashland</subfield><subfield code="d">Glidden.</subfield></datafield></record>